@article{chen2016lifelong,
  title={Lifelong machine learning},
  author={Chen, Zhiyuan and Liu, Bing},
  journal={Synthesis Lectures on Artificial Intelligence and Machine Learning},
  volume={10},
  number={3},
  pages={1--145},
  year={2016},
  publisher={Morgan \& Claypool Publishers}
}